<record><leader>00000cas a22000007a 4500</leader><controlfield tag="001">21729059</controlfield><controlfield tag="008">900607d18791885nyudn ne      0    0eng d</controlfield><datafield ind1=" " ind2=" " tag="010"><subfield code="a">sn 90066083 </subfield></datafield><datafield ind1=" " ind2=" " tag="040"><subfield code="a">NYS</subfield><subfield code="b">eng</subfield><subfield code="c">NYS</subfield><subfield code="d">OCLCQ</subfield></datafield><datafield ind1=" " ind2=" " tag="042"><subfield code="a">msc</subfield></datafield><datafield ind1="0" ind2="0" tag="245"><subfield code="a">Auburn news and bulletin.</subfield></datafield><datafield ind1=" " ind2=" " tag="260"><subfield code="a">Auburn, N.Y. :</subfield><subfield code="b">[William J. Moses]</subfield></datafield><datafield ind1=" " ind2=" " tag="300"><subfield code="a">v.</subfield></datafield><datafield ind1=" " ind2=" " tag="310"><subfield code="a">Daily (except Sunday)</subfield></datafield><datafield ind1="0" ind2=" " tag="362"><subfield code="a">Vol. 20, no. 1 (June 2, 1879)-v. 28, no. 5915 (Jan. 2, 1885).</subfield></datafield><datafield ind1=" " ind2="4" tag="651"><subfield code="a">Auburn (N.Y.)</subfield><subfield code="v">Newspapers.</subfield></datafield><datafield ind1=" " ind2=" " tag="752"><subfield code="a">United States</subfield><subfield code="b">New York</subfield><subfield code="c">Cayuga</subfield><subfield code="d">Auburn.</subfield></datafield><datafield ind1="0" ind2="4" tag="780"><subfield code="t">Auburn morning news (Auburn, N.Y. : 1872)</subfield><subfield code="w">(OCoLC)21615450</subfield></datafield><datafield ind1="0" ind2="4" tag="780"><subfield code="t">Auburn daily bulletin</subfield><subfield code="w">(DLC)sn 83030661</subfield></datafield><datafield ind1="0" ind2="7" tag="785"><subfield code="t">Evening Auburnian</subfield><subfield code="w">(DLC)sn 90066047</subfield><subfield code="w">(OCoLC)21420305</subfield></datafield><datafield ind1="0" ind2="7" tag="785"><subfield code="t">News-bulletin-Auburnian</subfield><subfield code="w">(OCoLC)21914377</subfield></datafield><datafield ind1="1" ind2=" " tag="029"><subfield code="a">AU@</subfield><subfield code="b">000025863019</subfield></datafield></record>